<?xml version="1.0" encoding="UTF-8"?>
<collection xmlns:xsi="http://www.w3.org/2001/XMLSchema-instance" xsi:schemaLocation="http://www.loc.gov/MARC21/slim http://www.loc.gov/standards/marcxml/schema/MARC21slim.xsd" xmlns="http://www.loc.gov/MARC21/slim">
<record>
  <leader>00961cam a2200229 a 4500</leader>
  <controlfield tag="001">2682286</controlfield>
  <controlfield tag="003">NNC</controlfield>
  <controlfield tag="005">20150105113933.0</controlfield>
  <controlfield tag="008">000925m19451947iq       b    000 0 ara d</controlfield>
  <datafield tag="035" ind1=" " ind2=" ">
    <subfield code="a">(OCoLC)899110519</subfield>
  </datafield>
  <datafield tag="035" ind1=" " ind2=" ">
    <subfield code="a">(OCoLC)ocn899110519</subfield>
  </datafield>
  <datafield tag="035" ind1=" " ind2=" ">
    <subfield code="9">ARD1724CU</subfield>
  </datafield>
  <datafield tag="035" ind1=" " ind2=" ">
    <subfield code="a">(NNC)2682286</subfield>
  </datafield>
  <datafield tag="040" ind1=" " ind2=" ">
    <subfield code="a">ZCU</subfield>
    <subfield code="c">ZCU</subfield>
  </datafield>
  <datafield tag="100" ind1="1" ind2=" ">
    <subfield code="a">Zakī, Muḥammad Amīn.</subfield>
  </datafield>
  <datafield tag="245" ind1="1" ind2="0">
    <subfield code="a">Mashāhīr al-Kurd wa-Kurdistīn fī al-ʻahd al-Islāmī,</subfield>
    <subfield code="b">waḍaʻahū bi-al-lughah al-Kurdīyah: Muḥammad-Amīn Zakī, naqalat-hu ilā al-ʻArabīyah: al-Ānisah Karīmatuhū, rājaʻahū wa-naqqaḥahū wa-aḍāfa ilayhi al-ustādh Muḥammad ʻAlī ʻAwnī.</subfield>
  </datafield>
  <datafield tag="260" ind1=" " ind2=" ">
    <subfield code="a">Baghdād :</subfield>
    <subfield code="b">Maṭbaʻat al-Tafīḍ al-Ahlīyah,</subfield>
    <subfield code="c">1945-1947.</subfield>
  </datafield>
  <datafield tag="300" ind1=" " ind2=" ">
    <subfield code="a">2 v. ;</subfield>
    <subfield code="c">26 cm.</subfield>
  </datafield>
  <datafield tag="500" ind1=" " ind2=" ">
    <subfield code="a">v. 2 published by Maṭbaʻ-at al-Saʻādah in Egypt.</subfield>
  </datafield>
  <datafield tag="504" ind1=" " ind2=" ">
    <subfield code="a">Bibliography: v.2, p. [263]-268.</subfield>
  </datafield>
  <datafield tag="650" ind1=" " ind2="0">
    <subfield code="a">Kurds</subfield>
    <subfield code="x">History.</subfield>
  </datafield>
  <datafield tag="650" ind1=" " ind2="0">
    <subfield code="a">Kurds</subfield>
    <subfield code="v">Biography.</subfield>
  </datafield>
  <datafield tag="955" ind1=" " ind2=" ">
    <subfield code="b">0040275710</subfield>
    <subfield code="d">glx</subfield>
    <subfield code="e">956 Y1331</subfield>
    <subfield code="v">v.2</subfield>
  </datafield>
</record>
</collection>